<record xmlns="http://www.loc.gov/MARC21/slim" xmlns:xsi="http://www.w3.org/2001/XMLSchema-instance" xsi:schemaLocation="http://www.loc.gov/MARC21/slim http://www.loc.gov/standards/marcxml/schema/MARC21slim.xsd"><leader>00513cz   2200145n  4500</leader><controlfield tag="001">oca01237209 </controlfield><controlfield tag="005">19980228051153.0</controlfield><controlfield tag="008">841102n| acannaab|          |a aaa      </controlfield><datafield ind1=" " ind2=" " tag="010"><subfield code="a">n  84169475 </subfield></datafield><datafield ind1=" " ind2=" " tag="040"><subfield code="a">DLC</subfield><subfield code="c">DLC</subfield><subfield code="d">DLC</subfield><subfield code="d">Uk</subfield></datafield><datafield ind1="0" ind2=" " tag="100"><subfield code="a">Diagoras,</subfield><subfield code="c">of Melos</subfield></datafield><datafield ind1="1" ind2=" " tag="400"><subfield code="a">Melos, Diagoras of</subfield></datafield><datafield ind1="0" ind2=" " tag="400"><subfield code="a">Diagoras,</subfield><subfield code="c">Melius</subfield></datafield><datafield ind1=" " ind2=" " tag="670"><subfield code="a">Diagorae Melii et Theodori Cyrenaei reliquiae, 1981:</subfield><subfield code="b">t.p. (Diagorae Melii)</subfield></datafield><datafield ind1=" " ind2=" " tag="670"><subfield code="a">Oxford class. dict.</subfield><subfield code="b">(Diagoras, lyric poet, of Melos, active in the last quarter of the 5th cent. B.C.)</subfield></datafield></record>